{
  "leader": "01751cam a2200385 a 4500",
  "fields": [
    {
      "001": "ocm25112893\\"
    },
    {
      "003": "OCoLC"
    },
    {
      "005": "20221229164145.0"
    },
    {
      "008": "920115s1958\\\\\\\\nyu\\\\\\\\\\\\\\\\\\\\\\001\\0beng\\d"
    },
    {
      "007": "ta"
    },
    {
      "010": {
        "ind1": "\\",
        "ind2": "\\",
        "subfields": [
          {
            "z": "   58006276 "
          }
        ]
      }
    },
    {
      "040": {
        "ind1": "\\",
        "ind2": "\\",
        "subfields": [
          {
            "a": "ISL"
          },
          {
            "b": "eng"
          },
          {
            "c": "ISL"
          },
          {
            "d": "OCLCG"
          },
          {
            "d": "SYB"
          },
          {
            "d": "OCLCA"
          },
          {
            "d": "OCLCQ"
          },
          {
            "d": "OCLCO"
          },
          {
            "d": "OCLCF"
          },
          {
            "d": "OCLCQ"
          },
          {
            "d": "OCLCA"
          },
          {
            "d": "J9U"
          },
          {
            "d": "W2U"
          },
          {
            "d": "B3G"
          },
          {
            "d": "OCLCO"
          },
          {
            "d": "OCLCQ"
          }
        ]
      }
    },
    {
      "019": {
        "ind1": "\\",
        "ind2": "\\",
        "subfields": [
          {
            "a": "487045"
          },
          {
            "a": "43862230"
          },
          {
            "a": "221192332"
          },
          {
            "a": "221376736"
          },
          {
            "a": "893168649"
          },
          {
            "a": "1038132211"
          },
          {
            "a": "1060528579"
          },
          {
            "a": "1069311282"
          },
          {
            "a": "1084762835"
          },
          {
            "a": "1087255338"
          },
          {
            "a": "1102212864"
          },
          {
            "a": "1131938863"
          },
          {
            "a": "1282066097"
          },
          {
            "a": "1295734002"
          },
          {
            "a": "1298789895"
          }
        ]
      }
    },
    {
      "020": {
        "ind1": "\\",
        "ind2": "\\",
        "subfields": [
          {
            "a": "0405080840"
          }
        ]
      }
    },
    {
      "020": {
        "ind1": "\\",
        "ind2": "\\",
        "subfields": [
          {
            "a": "9780405080845"
          }
        ]
      }
    },
    {
      "035": {
        "ind1": "\\",
        "ind2": "\\",
        "subfields": [
          {
            "a": "(OCoLC)25112893"
          },
          {
            "z": "(OCoLC)487045"
          },
          {
            "z": "(OCoLC)43862230"
          },
          {
            "z": "(OCoLC)221192332"
          },
          {
            "z": "(OCoLC)221376736"
          },
          {
            "z": "(OCoLC)893168649"
          },
          {
            "z": "(OCoLC)1038132211"
          },
          {
            "z": "(OCoLC)1060528579"
          },
          {
            "z": "(OCoLC)1069311282"
          },
          {
            "z": "(OCoLC)1084762835"
          },
          {
            "z": "(OCoLC)1087255338"
          },
          {
            "z": "(OCoLC)1102212864"
          },
          {
            "z": "(OCoLC)1131938863"
          },
          {
            "z": "(OCoLC)1282066097"
          },
          {
            "z": "(OCoLC)1295734002"
          },
          {
            "z": "(OCoLC)1298789895"
          }
        ]
      }
    },
    {
      "050": {
        "ind1": "\\",
        "ind2": "4",
        "subfields": [
          {
            "a": "HD9695.U54"
          },
          {
            "b": "L68 1958"
          }
        ]
      }
    },
    {
      "082": {
        "ind1": "0",
        "ind2": "4",
        "subfields": [
          {
            "a": "338.768"
          },
          {
            "b": "LOT "
          }
        ]
      }
    },
    {
      "100": {
        "ind1": "1",
        "ind2": "\\",
        "subfields": [
          {
            "a": "Loth, David,"
          },
          {
            "d": "1899-1988."
          }
        ]
      }
    },
    {
      "245": {
        "ind1": "1",
        "ind2": "0",
        "subfields": [
          {
            "a": "Swope of G.E. :"
          },
          {
            "b": "the story of Gerald Swope and General Electric in American business /"
          },
          {
            "c": "by David Loth."
          }
        ]
      }
    },
    {
      "246": {
        "ind1": "3",
        "ind2": "0",
        "subfields": [
          {
            "a": "Swope of General Electric"
          }
        ]
      }
    },
    {
      "260": {
        "ind1": "\\",
        "ind2": "\\",
        "subfields": [
          {
            "a": "New York :"
          },
          {
            "b": "Simon and Schuster,"
          },
          {
            "c": "1958."
          }
        ]
      }
    },
    {
      "300": {
        "ind1": "\\",
        "ind2": "\\",
        "subfields": [
          {
            "a": "viii, 309 pages ;"
          },
          {
            "c": "23 cm"
          }
        ]
      }
    },
    {
      "336": {
        "ind1": "\\",
        "ind2": "\\",
        "subfields": [
          {
            "a": "text"
          },
          {
            "b": "txt"
          },
          {
            "2": "rdacontent"
          }
        ]
      }
    },
    {
      "337": {
        "ind1": "\\",
        "ind2": "\\",
        "subfields": [
          {
            "a": "unmediated"
          },
          {
            "b": "n"
          },
          {
            "2": "rdamedia"
          }
        ]
      }
    },
    {
      "338": {
        "ind1": "\\",
        "ind2": "\\",
        "subfields": [
          {
            "a": "volume"
          },
          {
            "b": "nc"
          },
          {
            "2": "rdacarrier"
          }
        ]
      }
    },
    {
      "500": {
        "ind1": "\\",
        "ind2": "\\",
        "subfields": [
          {
            "a": "Includes index."
          }
        ]
      }
    },
    {
      "504": {
        "ind1": "\\",
        "ind2": "\\",
        "subfields": [
          {
            "a": "\"Sources\": pages 299-300"
          }
        ]
      }
    },
    {
      "600": {
        "ind1": "1",
        "ind2": "0",
        "subfields": [
          {
            "a": "Swope, Gerard,"
          },
          {
            "d": "1872-1957."
          }
        ]
      }
    },
    {
      "610": {
        "ind1": "2",
        "ind2": "0",
        "subfields": [
          {
            "a": "General Electric Company."
          }
        ]
      }
    },
    {
      "600": {
        "ind1": "1",
        "ind2": "7",
        "subfields": [
          {
            "a": "Swope, Gerard,"
          },
          {
            "d": "1872-1957."
          },
          {
            "2": "fast"
          },
          {
            "0": "(OCoLC)fst00285712"
          }
        ]
      }
    },
    {
      "610": {
        "ind1": "2",
        "ind2": "7",
        "subfields": [
          {
            "a": "General Electric Company."
          },
          {
            "2": "fast"
          },
          {
            "0": "(OCoLC)fst00534810"
          }
        ]
      }
    },
    {
      "994": {
        "ind1": "\\",
        "ind2": "\\",
        "subfields": [
          {
            "a": "Z0"
          },
          {
            "b": "NYRVC"
          }
        ]
      }
    },
    {
      "948": {
        "ind1": "\\",
        "ind2": "\\",
        "subfields": [
          {
            "h": "NO HOLDINGS IN NYRVC - 260 OTHER HOLDINGS"
          }
        ]
      }
    },
    {
      "999": {
        "ind1": "\\",
        "ind2": "\\",
        "subfields": [
          {
            "a": "00000000011548"
          }
        ]
      }
    }
  ]
}